@article{陈铸昌2017屏蔽门与列车之间防夹装置应用分析及展望,
  title={屏蔽门与列车之间防夹装置应用分析及展望},
  author={陈铸昌 and 廖斌},
  journal={现代城市轨道交通},
  number={7},
  pages={4},
  year={2017},
}

@article{胡亚楠2017地铁屏蔽门、车门夹人成因分析及防范措施研究,
  title={地铁屏蔽门、车门夹人成因分析及防范措施研究},
  author={胡亚楠},
  journal={科技创新与应用},
  number={10},
  pages={2},
  year={2017},
}

@patent{黄照东2021一种基于激光视觉的智能地铁站台屏蔽门异物探测器,
  author     = {黄照东 and 谭宇宁 and 陈寿文 and 叶小雪 and 石磊 and 张金成 and 赵剑秋 and 魏文生 and 杜强},
  title      = {一种基于激光视觉的智能地铁站台屏蔽门异物探测器},
  address    = {中国},
  number     = {CN202021596764.9},
  date       = {2021-02-05},
}

@patent{金仙力2020一种用于站台门障碍物探测的传感器系统及其探测方法,
  author     = {金仙力 and 胡寅川},
  title      = {一种用于站台门障碍物探测的传感器系统及其探测方法},
  address    = {中国},
  number     = {CN202010234338.9},
  date       = {2020-09-01},
}

@patent{刘伟铭2013直线地铁站台屏蔽门与列车间异物自动检测方法及其装置,
  author     = {刘伟铭},
  title      = {直线地铁站台屏蔽门与列车间异物自动检测方法及其装置},
  address    = {中国},
  number     = {CN201310039287.4},
  date       = {2013-05-08},
}

@patent{肖义2019一种基于图像识别的站台门异物检测与报警的方法及系统,
  author     = {肖义 and 梅嘉伦 and 王啸 and 王飞 and 沈刚勇 and 黄兵 and 鄂红旭 and 李滔 and 谭璐 and 华聪立},
  title      = {一种基于图像识别的站台门异物检测与报警的方法及系统},
  address    = {中国},
  number     = {CN201910074955.4},
  date       = {2019-04-19},
}

@standard{地铁设计规范,
  author     = {中华人民共和国住房和城乡建设部},
  title      = {GB50157-2013, 地铁设计规范},
  address    = {北京},
  publisher  = {中国标准出版社},
  year       = {2013},
}

@online{交通强国建设纲要,
  author     = {中共中央国务院},
  title      = {交通强国建设纲要},
  year       = {2019},
  date       = {2019-09-19},
  urldate    = {2022-12-07},
  url        = {http://www.gov.cn/zhengce/2019-09/19/content_5431432.htm},
}

@online{国家综合立体交通网规划纲要,
  author     = {中共中央国务院},
  title      = {国家综合立体交通网规划纲要},
  year       = {2021},
  date       = {2021-02-24},
  urldate    = {2022-12-07},
  url        = {http://www.gov.cn/gongbao/content/2021/content_5593440.htm},
}

@online{“十四五”现代综合交通运输体系发展规划,
  author     = {中共中央国务院},
  title      = {“十四五”现代综合交通运输体系发展规划},
  year       = {2021},
  date       = {2021-12-09},
  urldate    = {2022-12-07},
  url        = {http://www.gov.cn/zhengce/content/2022-01/18/content_5669049.htm},
}

@techreport{城市轨道交通2021年度统计和分析报告,
  author     = {中国城市轨道交通协会},
  title      = {城市轨道交通2021年度统计和分析报告},
  address    = {北京},
  publisher  = {中国城市轨道交通协会},
  year       = {2022},
}

@article{雷焕宇2018基于,
  title={基于K-means算法的地铁站台异物检测},
  author={雷焕宇 and 刘伟铭},
  journal={计算机与现代化},
  number={6},
  pages={5},
  year={2018},
}

@phdthesis{雷焕宇0基于机器视觉的户外站台列车和屏蔽门之间异物检测系统研究,
  title={基于机器视觉的户外站台列车和屏蔽门之间异物检测系统研究},
  author={雷焕宇},
  school={华南理工大学},
  year={2018},
}

@article{刘伟铭2019地铁风险空间分析及异物检测系统技术要求,
  title={地铁风险空间分析及异物检测系统技术要求},
  author={刘伟铭 and 陈纲梅 and 李海玉 and 郑丽媛 and 耿庆华},
  journal={铁道标准设计},
  volume={63},
  number={10},
  pages={9},
  year={2019},
}

@article{刘伟铭2021基于RGB-D,
  title={基于RGB-D视频的地铁异物风险检测方法研究},
  author={刘伟铭 and 李静宁 and 杜逍睿},
  journal={铁道标准设计},
  year={2021},
}

@article{刘伟铭2021适用于地铁异物前景检测的神经网络——,
  title={适用于地铁异物前景检测的神经网络——DifferentNet},
  author={刘伟铭 and 温俊锐 and 郑仲星 and 戴愿 and 李泓道},
  journal={华南理工大学学报:自然科学版},
  volume={49},
  number={10},
  pages={12},
  year={2021},
}

@article{谭飞刚2017一种基于计算机视觉的地铁站台异物检测算法,
  title={一种基于计算机视觉的地铁站台异物检测算法},
  author={谭飞刚 and 刘建},
  journal={铁路计算机应用},
  volume={26},
  number={1},
  pages={3},
  year={2017},
}

@article{谭飞刚2017基于机器视觉的地铁曲线型站台异物检测算法,
  title={基于机器视觉的地铁曲线型站台异物检测算法},
  author={谭飞刚 and 刘开元},
  journal={深圳信息职业技术学院学报},
  volume={15},
  number={1},
  pages={3},
  year={2017},
}

@phdthesis{张金雷0城市轨道交通线网短时客流预测方法研究,
  title={城市轨道交通线网短时客流预测方法研究},
  author={张金雷},
  school={北京交通大学},
  year={2021},
}

@phdthesis{面向高速铁路运行安全的智能图像识别方法研究,
  title={面向高速铁路运行安全的智能图像识别方法研究},
  author={周雯},
  school={中国铁道科学研究院},
  year={2020},
}

@inproceedings{Inside-OutsideNet,
  title={Inside-outside net: Detecting objects in context with skip pooling and recurrent neural networks},
  author={Bell, Sean and Zitnick, C Lawrence and Bala, Kavita and Girshick, Ross},
  booktitle={Proceedings of the IEEE conference on computer vision and pattern recognition},
  pages={2874--2883},
  year={2016}
}

@article{YOLOv4,
  title={Yolov4: Optimal speed and accuracy of object detection},
  author={Bochkovskiy, Alexey and Wang, Chien-Yao and Liao, Hong-Yuan Mark},
  journal={arXiv preprint arXiv:2004.10934},
  year={2020}
}

@inproceedings{detr,
  title={End-to-end object detection with transformers},
  author={Carion, Nicolas and Massa, Francisco and Synnaeve, Gabriel and Usunier, Nicolas and Kirillov, Alexander and Zagoruyko, Sergey},
  booktitle={European conference on computer vision},
  pages={213--229},
  year={2020},
  organization={Springer}
}

@incollection{Combining-Multiple-Sensors-for-Event-Detection-of-Older-People,
  title={Combining multiple sensors for event detection of older people},
  author={Crispim-Junior, Carlos F and Ma, Qiao and Fosty, Baptiste and Romdhane, Rim and Bremond, Francois and Thonnat, Monique},
  booktitle={Health Monitoring and Personalized Feedback using Multimedia Data},
  pages={179--194},
  year={2015},
  publisher={Springer}
}

@article{Efficient-FOD,
  title={Efficient foreign object detection between PSDs and metro doors via deep neural networks},
  author={Dai, Yuan and Liu, Weiming and Li, Haiyu and Liu, Lan},
  journal={IEEE Access},
  volume={8},
  pages={46723--46734},
  year={2020},
  publisher={IEEE}
}

@article{yolo-Former,
  title={YOLO-Former: Marrying YOLO and Transformer for Foreign Object Detection},
  author={Dai, Yuan and Liu, Weiming and Wang, Heng and Xie, Wei and Long, Kejun},
  journal={IEEE Transactions on Instrumentation and Measurement},
  volume={71},
  pages={1--14},
  year={2022},
  publisher={IEEE}
}

@inproceedings{ViT,
  title={An image is worth 16x16 words: Transformers for image recognition at scale},
  author={Dosovitskiy, Alexey and Beyer, Lucas and Kolesnikov, Alexander and Weissenborn, Dirk and Zhai, Xiaohua and Unterthiner, Thomas and Dehghani, Mostafa and Minderer, Matthias and Heigold, Georg and Gelly, Sylvain and others},
  journal={arXiv preprint arXiv:2010.11929},
  year={2020}
}

@article{pascalvoc12,
  title={The pascal visual object classes challenge: A retrospective},
  author={Everingham, Mark and Eslami, SM and Van Gool, Luc and Williams, Christopher KI and Winn, John and Zisserman, Andrew},
  journal={International journal of computer vision},
  volume={111},
  number={1},
  pages={98--136},
  year={2015},
  publisher={Springer}
}

@article{pascalvoc07,
  title={The pascal visual object classes (voc) challenge},
  author={Everingham, Mark and Van Gool, Luc and Williams, Christopher KI and Winn, John and Zisserman, Andrew},
  journal={International journal of computer vision},
  volume={88},
  number={2},
  pages={303--338},
  year={2010},
  publisher={Springer}
}

@article{Feng2021SubwayOP,
  title={Subway Obstacle Perception and Identification Method Based on Cloud Edge Collaboration},
  author={Feng, Li and Yan, Ronghui and Liu, Guangping and Shao, Chen},
  journal={Wireless Communications and Mobile Computing},
  volume={2021},
  year={2021},
  publisher={Hindawi}
}

@article{Res2Net,
  title={Res2net: A new multi-scale backbone architecture},
  author={Gao, Shang-Hua and Cheng, Ming-Ming and Zhao, Kai and Zhang, Xin-Yu and Yang, Ming-Hsuan and Torr, Philip},
  journal={IEEE transactions on pattern analysis and machine intelligence},
  volume={43},
  number={2},
  pages={652--662},
  year={2019},
  publisher={IEEE}
}

@inproceedings{fastrcnn,
  title={Fast r-cnn},
  author={Girshick, Ross},
  booktitle={Proceedings of the IEEE international conference on computer vision},
  pages={1440--1448},
  year={2015}
}

@inproceedings{fasterrcnn,
  title={Faster r-cnn: Towards real-time object detection with region proposal networks},
  author={Ren, Shaoqing and He, Kaiming and Girshick, Ross and Sun, Jian},
  journal={Advances in neural information processing systems},
  year={2015}
}

@inproceedings{rcnn,
  title={Rich feature hierarchies for accurate object detection and semantic segmentation},
  author={Girshick, Ross and Donahue, Jeff and Darrell, Trevor and Malik, Jitendra},
  booktitle={Proceedings of the IEEE conference on computer vision and pattern recognition},
  pages={580--587},
  year={2014}
}

@inproceedings{maskrcnn,
  title={Mask r-cnn},
  author={He, Kaiming and Gkioxari, Georgia and Doll{\'a}r, Piotr and Girshick, Ross},
  booktitle={Proceedings of the IEEE international conference on computer vision},
  pages={2961--2969},
  year={2017}
}

@inproceedings{resnetv1,
  title={Deep residual learning for image recognition},
  author={He, Kaiming and Zhang, Xiangyu and Ren, Shaoqing and Sun, Jian},
  booktitle={Proceedings of the IEEE conference on computer vision and pattern recognition},
  pages={770--778},
  year={2016}
}

@inproceedings{resnetv2,
  title={Identity mappings in deep residual networks},
  author={He, Kaiming and Zhang, Xiangyu and Ren, Shaoqing and Sun, Jian},
  booktitle={European conference on computer vision},
  pages={630--645},
  year={2016},
  organization={Springer}
}

@inproceedings{Relationnet,
  title={Relation networks for object detection},
  author={Hu, Han and Gu, Jiayuan and Zhang, Zheng and Dai, Jifeng and Wei, Yichen},
  booktitle={Proceedings of the IEEE conference on computer vision and pattern recognition},
  pages={3588--3597},
  year={2018}
}

@software{glenn_jocher_2021_4679653,
  author       = {Glenn Jocher and
                  Alex Stoken and
                  Jirka Borovec and
                  NanoCode012 and
                  Ayush Chaurasia and
                  TaoXie and
                  Liu Changyu and
                  Abhiram V and
                  Laughing and
                  tkianai and
                  yxNONG and
                  Adam Hogan and
                  lorenzomammana and
                  AlexWang1900 and
                  Jan Hajek and
                  Laurentiu Diaconu and
                  Marc and
                  Yonghye Kwon and
                  oleg and
                  wanghaoyang0106 and
                  Yann Defretin and
                  Aditya Lohia and
                  ml5ah and
                  Ben Milanko and
                  Benjamin Fineran and
                  Daniel Khromov and
                  Ding Yiwei and
                  Doug and
                  Durgesh and
                  Francisco Ingham},
  title        = {{ultralytics/yolov5: v5.0 - YOLOv5-P6 1280 models, 
                   AWS, Supervise.ly and YouTube integrations}},
  month        = apr,
  year         = 2021,
}

@article{YOLOv6,
  title={YOLOv6: A single-stage object detection framework for industrial applications},
  author={Li, Chuyi and Li, Lulu and Jiang, Hongliang and Weng, Kaiheng and Geng, Yifei and Li, Liang and Ke, Zaidan and Li, Qingyuan and Cheng, Meng and Nie, Weiqiang and others},
  journal={arXiv preprint arXiv:2209.02976},
  year={2022}
}

@article{Attentive-Contexts-for-Object-Detection,
  title={Attentive contexts for object detection},
  author={Li, Jianan and Wei, Yunchao and Liang, Xiaodan and Dong, Jian and Xu, Tingfa and Feng, Jiashi and Yan, Shuicheng},
  journal={IEEE Transactions on Multimedia},
  volume={19},
  number={5},
  pages={944--954},
  year={2016},
  publisher={IEEE}
}

@inproceedings{FPN,
  title={Feature pyramid networks for object detection},
  author={Lin, Tsung-Yi and Doll{\'a}r, Piotr and Girshick, Ross and He, Kaiming and Hariharan, Bharath and Belongie, Serge},
  booktitle={Proceedings of the IEEE conference on computer vision and pattern recognition},
  pages={2117--2125},
  year={2017}
}

@inproceedings{retinanet,
  title={Focal loss for dense object detection},
  author={Lin, Tsung-Yi and Goyal, Priya and Girshick, Ross and He, Kaiming and Doll{\'a}r, Piotr},
  booktitle={Proceedings of the IEEE international conference on computer vision},
  pages={2980--2988},
  year={2017}
}

@article{RuikangLiu,
  title={Metro Anomaly Detection Based on Light Strip Inductive Key Frame Extraction and MAGAN Network},
  author={Liu, Ruikang and Liu, Weiming and Li, Haiyu and Wang, Heng and Geng, Qinghua and Dai, Yuan},
  journal={IEEE Transactions on Instrumentation and Measurement},
  volume={71},
  pages={1--14},
  year={2021},
  publisher={IEEE}
}

@inproceedings{SSD,
  title={Ssd: Single shot multibox detector},
  author={Liu, Wei and Anguelov, Dragomir and Erhan, Dumitru and Szegedy, Christian and Reed, Scott and Fu, Cheng-Yang and Berg, Alexander C},
  booktitle={European conference on computer vision},
  pages={21--37},
  year={2016},
  organization={Springer}
}

@inproceedings{WeimingLiu-and-DedongHuang,
  title={Object Detection and Area Perception in Subway Operation Space Based on the Multi-task Model},
  author={Liu, Weiming and Huang, Dedong},
  booktitle={2022 3rd International Conference on Electronic Communication and Artificial Intelligence (IWECAI)},
  pages={362--366},
  year={2022},
  organization={IEEE}
}

@inproceedings{yolov1,
  title={You only look once: Unified, real-time object detection},
  author={Redmon, Joseph and Divvala, Santosh and Girshick, Ross and Farhadi, Ali},
  booktitle={Proceedings of the IEEE conference on computer vision and pattern recognition},
  pages={779--788},
  year={2016}
}

@inproceedings{yolov2,
  title={YOLO9000: better, faster, stronger},
  author={Redmon, Joseph and Farhadi, Ali},
  booktitle={Proceedings of the IEEE conference on computer vision and pattern recognition},
  pages={7263--7271},
  year={2017}
}

@article{yolov3,
  title={Yolov3: An incremental improvement},
  author={Redmon, Joseph and Farhadi, Ali},
  journal={arXiv preprint arXiv:1804.02767},
  year={2018}
}

@article{vggnet,
  title={Very deep convolutional networks for large-scale image recognition},
  author={Simonyan, Karen and Zisserman, Andrew},
  journal={arXiv preprint arXiv:1409.1556},
  year={2014}
}

@inproceedings{Inceptionv4,
  title={Inception-v4, inception-resnet and the impact of residual connections on learning},
  author={Szegedy, Christian and Ioffe, Sergey and Vanhoucke, Vincent and Alemi, Alexander A},
  booktitle={Thirty-first AAAI conference on artificial intelligence},
  year={2017}
}

@inproceedings{Inceptionv1,
  title={Going deeper with convolutions},
  author={Szegedy, Christian and Liu, Wei and Jia, Yangqing and Sermanet, Pierre and Reed, Scott and Anguelov, Dragomir and Erhan, Dumitru and Vanhoucke, Vincent and Rabinovich, Andrew},
  booktitle={Proceedings of the IEEE conference on computer vision and pattern recognition},
  pages={1--9},
  year={2015}
}

@inproceedings{Inceptionv2,
  title={Rethinking the inception architecture for computer vision},
  author={Szegedy, Christian and Vanhoucke, Vincent and Ioffe, Sergey and Shlens, Jon and Wojna, Zbigniew},
  booktitle={Proceedings of the IEEE conference on computer vision and pattern recognition},
  pages={2818--2826},
  year={2016}
}

@article{yolov7,
  title={YOLOv7: Trainable bag-of-freebies sets new state-of-the-art for real-time object detectors},
  author={Wang, Chien-Yao and Bochkovskiy, Alexey and Liao, Hong-Yuan Mark},
  journal={arXiv preprint arXiv:2207.02696},
  year={2022}
}

@inproceedings{resnetv3,
  title={Aggregated residual transformations for deep neural networks},
  author={Xie, Saining and Girshick, Ross and Doll{\'a}r, Piotr and Tu, Zhuowen and He, Kaiming},
  booktitle={Proceedings of the IEEE conference on computer vision and pattern recognition},
  pages={1492--1500},
  year={2017}
}

@inproceedings{ResNeSt,
  title={Resnest: Split-attention networks},
  author={Zhang, Hang and Wu, Chongruo and Zhang, Zhongyue and Zhu, Yi and Lin, Haibin and Zhang, Zhi and Sun, Yue and He, Tong and Mueller, Jonas and Manmatha, R and others},
  booktitle={Proceedings of the IEEE/CVF Conference on Computer Vision and Pattern Recognition},
  pages={2736--2746},
  year={2022}
}

@article{Deformable-detr,
  title={Deformable detr: Deformable transformers for end-to-end object detection},
  author={Zhu, Xizhou and Su, Weijie and Lu, Lewei and Li, Bin and Wang, Xiaogang and Dai, Jifeng},
  journal={arXiv preprint arXiv:2010.04159},
  year={2020}
}

@inproceedings{Improved-Adaptive-Gaussian-Mixture-Model-for-Background-Subtraction,
  title={Improved adaptive Gaussian mixture model for background subtraction},
  author={Zivkovic, Zoran},
  booktitle={Proceedings of the 17th International Conference on Pattern Recognition, 2004. ICPR 2004.},
  pages={28--31},
  year={2004},
  organization={IEEE}
}











